% Encoding: UTF-8

@Book{Pinedo:2008vs,
  title     = {{Scheduling - Theory, Algorithms, and Systems}},
  publisher = {Springer},
  year      = {2008},
  author    = {Pinedo, Michael L.},
  edition   = {3},
  month     = jul,
  doi       = {10.1007/978-1-4614-2361-4},
}

@Comment{jabref-meta: databaseType:bibtex;}
